@Book{Heller2011,
  author = 	 {Christian Heller},
  title = 	 {Post-Privacy, Prima leben ohne Privatsphäre},
  publisher = 	 {C.H.Beck},
  year = 	 {2011},
  address = 	 {München},
}

@Book{Veyne1989,
  author = 	 {Paul Veyne and Georges Duby and Peter Brown},
  editor = 	 {Holger Fliessbach},
  title = 	 {Vom Römischen Imperium zum Byzantinischen Reich},
  publisher = 	 {S. Fischer},
  year = 	 {1989},
  address =      {Frankfurt am Main}
  volume = 	 {1},
  series = 	 {Geschichte des privaten Lebens},
}

@misc{wiki:PaulVeyne-de,
  author = "{aka}",
  title = "{Paul Veyne} -- {W}ikipedia{,} Die freie {E}nzyklopädie",
  year = 2016,
  howpublished = "\url{https://de.wikipedia.org/wiki/Paul_Veyne}",
  url = "https://de.wikipedia.org/wiki/Paul_Veyne",
  note = "[Online; Eingesehen am 4. März 2018]",
}

@misc{snowden,
  author = {Agence France-Presse},
  howpublished = "\url{https://gadgets.ndtv.com/others/news/snowden-leaks-a-boon-for-swiss-data-storage-companies-report-458406}",
  url = "https://gadgets.ndtv.com/others/news/snowden-leaks-a-boon-for-swiss-data-storage-companies-report-458406",
  title = {{Snowden leaks a boon for Swiss data storage companies: Report}},
  year = {13. Dezember 2013},
  note = "[Online; Eingesehen am 4. März 2018]",
}

@misc{bundesrat,
  author = {Bundeskanzlei Schweiz},
  title = {{Volksabstimmung vom 25. September 2016} -- {Erläuterungen des Bundesrates}},
  year = {17. Juni 2016},
  howpublished = "\url{https://www.admin.ch/dam/gov/de/Dokumentation/Abstimmungen/Erl\%C3\%A4uterungen\%20des\%20Bundesrats\%20September\%202016/B\%C3\%BCchlein_DE.pdf.download.pdf/B\%C3\%BCchlein_DE.pdf}",
  url = "https://www.admin.ch/dam/gov/de/Dokumentation/Abstimmungen/Erl\%C3\%A4uterungen\%20des\%20Bundesrats\%20September\%202016/B\%C3\%BCchlein_DE.pdf.download.pdf/B\%C3\%BCchlein_DE.pdf",
  note = {[Online; Eingesehen am 4. März 2018]},
}