@article{bullock-1988-kitch-then-facad,
  author =	 {Nicholas Bullock},
  title =	 {{`First the Kitchen - Then the Façade'}},
  journal =	 {Journal of Design History},
  volume =	 1,
  number =	 {3 and 4},
  pages =	 {177-192},
  year =	 1988,
  doi =		 {10.1093/jdh/1.3_and_4.177},
  url =		 {https://doi.org/10.1093/jdh/1.3_and_4.177},
  DATE_ADDED =	 {Tue Mar 6 09:04:33 2018},
}

@Book{Giedion1982,
  author =       {Siegfried Giedion},
  title =        {{D}ie {H}errschaft der {M}echanisierung},
  publisher =    {{E}uropäische {V}erlagsanstalt {GmbH}},
  year =         {1982},
  address =      {{F}rankfurt am {M}ain},
}